@BOOKLET{Madsen2010,
  author = {Lars Madsen},
  title = {Introduktion til {LaTeX}},
  year = {2010},
  howpublished = {\url{http://www.imf.au.dk/system/latex/bog/}}
 }
 
@MISC{Oetiker2010,
  author = {Tobias Oetiker},
  title = {The Not So Short A Introduction to {LaTeX2e}},
  year = {2010},
  howpublished = {\url{http://tobi.oetiker.ch/lshort/lshort.pdf}}
 }
 
@BOOK{Mittelbach2005,
  author = {Frank Mittelbach},
  edition = {2. ed.},
  publisher = {Addison-Wesley},
  title = {The LATEX companion},
  year = 2005
}
  @BOOK{sebesta1.3,
  author = {Robert W. Sebesta},
  edition = {tenth edition},
  publisher = {Pearson Education},
  title = {Concepts of Programming Languages - chapter 1.3},
  year = {2012},
}

@MISC{EltronickIHjemmet,
  title = {Familiernes besiddelse af elektronik i hjemmet (Visited 20-02-16},
  year = {2015},
  howpublished = {\url{https://www.dst.dk/da/Statistik/emner/forbrug/elektronik-i-hjemmet}}
 }


@MISC{DesignVSPrograming2016,
  title = {Game Programming vs. Game Design (Visited 20-02-16)},
  year = {2016},
  howpublishedhttps://www.sharelatex.com/project/56ba6c91fdcaa8140b8da1aa = {\url{http://www.allartschools.com/game-programming-vs-game-design/}}
 }

@MISC{StackGameVSSoftware2011,
  title = {Q\&A (Visited 20-02-16)},
  year = {2011},
  howpublished = {\url{http://gamedev.stackexchange.com/questions/9074/how-is-game-development-different-from-other-software-development}}
 }

@MISC{TheGuardian2014,
  author = {Dan Crow},
  title = {Why every child should learn to code (Visited 20-02-16)},
  year = {2014},
  howpublished = {\url{http://www.theguardian.com/technology/2014/feb/07/year-of-code-dan-crow-songkick}}
 }
 
@MISC{Sitepoint2015,
  author = {Simon Julian},
  title = {6 Reasons why your child should learn to Code(Visited 20-02-16)},
  year = {2015},
  howpublished = {\url{http://www.sitepoint.com/6-reasons-why-your-child-and-mine-should-learn-to-code/}}
 }

@MISC{BLSGrowth,
  author = {Bureau of Labor Statistics, U.S. Department of Labor},
  title = {Occupational Outlook Handbook, 2016-17 Edition, Software Developers (visited 22-02-2016)},
  year = {2016},
  howpublished = {\url{http://www.bls.gov/ooh/computer-and-information-technology/software-developers.htm}}
 }
 @MISC{Schemeexample,
  author = {},
  title = {An example of unreadable Scheme code (28-02-16)},
  year = {2016},
  howpublished = {\url{https://static-content.springer.com/image/art\%3A10.1186\%2F1471-2105-6-252/MediaObjects/12859_2005_Article_577_Fig5_HTML.jpg}}
 }
 @MISC{VBNET,
  author = {Unknown},
  title = {VB.NET Wiki (21-02-16)},
  year = {2016},
  howpublished = {\url{https://en.wikipedia.org/wiki/Visual_Basic_.NET}}
 }
 @MISC{CSHARP,
  author = {Microsoft},
  title = {C\# Wiki (Visited 21-02-16)},
  year = {2016},
  howpublished = {\url{https://msdn.microsoft.com/en-us/library/618ayhy6.aspx}}
 }
  @MISC{scratch,
  author = {Scratch},
  title = {Scratch Homepage (Visited 21-02-16)},
  year = {2016},
  howpublished = {\url{https://scratch.mit.edu/}}
 }
  @MISC{geny,
  author = {Unknown},
  title = {Article about the upcoming generation Y (Visited 22-02-16)},
  year = {2016},
  howpublished = {\url{http://www.thejambar.com/generation-y-heavily-dependent-on-technology-promotes-laziness/}}
 }
  @MISC{kidsin,
  author = {Unknown},
  title = {Article about getting kids interested in programming (Visited 22-02-16)},
  year = {2016},
  howpublished = {\url{https://thejournal.com/articles/2013/10/23/6-tips-to-get-your-kids-excited-about-coding.aspx?=THE21}}
 }
  @MISC{codeorg,
  author = {Code.org},
  title = {Teaching kids to code with games (Visited 22-02-16)},
  year = {2016},
  howpublished = {\url{https://code.org/learn}}
 }
  @MISC{GMDnD,
  author = {Game Maker Studios},
  title = {Game Maker Studio: Basic Tutorial (Visited 19-02-16)},
  year = {2012},
  howpublished = {\url{https://www.yoyogames.com/learn}}
  },
  @MISC{A++,
  author = {A++},
  title = {A++ An Arduino Programming Language for Home Automation},
  year = {2015},
  howpublished = {AUU Project Database}
  },
  @MISC{GML,
  author = {Game Maker Studios},
  title = {Game Maker Studio},
  year = {2012},
  howpublished = {\url{https://www.yoyogames.com/gamemaker}}
  }
  @MISC{FFMM,
  author = {Klaus Fink},
  title = {Forenklede Fælles Mål Matematik (Visited 28-02-16)},
  year = {2014},
  howpublished = {\url{http://dkmat.dk/wp-content/uploads/2014/05/Klaus-Fink-26.05.2014.pdf}}
  }
  @MISC{pascalvar,
  author = {Peganza},
  title = {Pascal Variable (Visited 28-02-16)},
  howpublished = {\url{http://www.peganza.com/pexhelp/clip0096.png}}
  }
  
@MISC{precedence,
  author = {Pegg, Ed Jr.; Stover, Christopher; and Weisstein, Eric W.},
  title = {Precedence. (Visited 01-04-16)},
  howpublished = {\url{http://mathworld.wolfram.com/Precedence.html}}
  }
 
@BOOK{stoloc,
  author = {Hans Hüttel},
  publisher = {Cambridge University Press},
  title = {Transistions and Trees - figure 6.1},
  year = {2010},
}

@MISC{eclipse,
  author = {The Eclipse Foundation},
  title = {Eclipse Org},
  howpublished = {\url{https://eclipse.org/}}
  }
  
@MISC{notepad,
  author = {Microsoft},
  title = {Notepad},
  howpublished = {\url{http://windows.microsoft.com/en-us/windows/open-notepad#1TC=windows-7}}
  }
  
@MISC{swing,
  author = {Java},
  title = {Java Swing},
  howpublished = {\url{https://docs.oracle.com/javase/tutorial/uiswing/start/about.html}}
  }
@MISC{intellij,
  author = {Jetbrains s.r.o},
  title = {Intellij IDEA},
  howpublished = {\url{https://www.jetbrains.com/idea/}}
  }
@MISC{MOWSCOW,
  author = {Duncan Haughey},
  title = {MoSCoW method},
  howpublished = {\url{https://www.projectsmart.co.uk/moscow-method.php}}
  }